@article{acunna,
  title={Fertilizaci{\'o}n de alfalfa con f{\'o}sforo, potasio y azufre},
  author={Acu{\~n}a, Hern{\'a}n and Soto, Patricio and Vidal, Agust{\'\i}n and Mart{\'\i}nez, Germ{\'a}n},
  journal={Agric. T{\'e}c.(Chile)},
  volume={51},
  pages={315--322},
  year={1991}
}
@article{waliszewski2004uso,
  title={Uso del {\'a}cido sulf{\'u}rico en las determinaciones de plaguicidas organoclorados},
  author={Waliszewski, Stefan M and Arroyo, Sandra G{\'o}mez and Carvajal, Octavio and Pietrini, Rafael Villalobos and Infanz{\'o}n, Rosa M},
  journal={Revista internacional de contaminaci{\'o}n ambiental},
  volume={20},
  number={4},
  pages={185--192},
  year={2004},
  publisher={Universidad Nacional Aut{\'o}noma de M{\'e}xico}
}
