@book{adams1995hitchhiker,
  title={The Hitchhiker's Guide to the Galaxy},
  author={Adams, D.},
  isbn={9781417642595},
  url={http://books.google.com/books?id=W-xMPgAACAAJ},
  year={1995},
  publisher={San Val}
}
@online{knuthwebsite,
    author    = "Donald Knuth",
    title     = "Knuth: Computers and Typesetting",
    url       = "http://www-cs-faculty.stanford.edu/~uno/abcde.html",
    keywords  = "latex,knuth"

}
@article{acuna1991fertilizacion,
  title={Fertilizaci{\'o}n de alfalfa con f{\'o}sforo, potasio y azufre},
  author={Acu{\~n}a, Hern{\'a}n and Soto, Patricio and Vidal, Agust{\'\i}n and Mart{\'\i}nez, Germ{\'a}n},
  journal={Agric. T{\'e}c.(Chile)},
  volume={51},
  pages={315--322},
  year={1991}
}

